@Article{Castillo-Chavez2000,
  Title                    = {A model for tuberculosis with exogenous reinfection},
  Author                   = {Feng, Z and Castillo-Chavez, C and Capurro, AF},
  Journal                  = {Theoretical population biology},
  Year                     = {2000},

  Month                    = {May},
  Number                   = {3},
  Pages                    = {235â€”247},
  Volume                   = {57},

  Doi                      = {10.1006/tpbi.2000.1451},
  ISSN                     = {0040-5809},
  Url                      = {https://doi.org/10.1006/tpbi.2000.1451}
}

@Article{Castillo-Chavez1997,
  Title                    = {To treat or not to treat: the case of tuberculosis},
  Author                   = {Castillo-Chavez, Carlos
and Feng, Zhilan},
  Journal                  = {Journal of Mathematical Biology},
  Year                     = {1997},

  Month                    = {Jun},
  Number                   = {6},
  Pages                    = {629--656},
  Volume                   = {35},

  Abstract                 = {.{\enspace}Incomplete treatment of patients with infectious 
  tuberculosis (TB) may not only lead to relapse but also to the development of 
  antibiotic resistant TB---one of the most serious health problems facing society 
  today. In this article, we formulate one-strain and two-strain TB models to determine 
  possible mechanisms that may allow for the survival and spread of naturally resistant 
  strains of TB as well as antibiotic-generated resistant strains of TB. Analysis of our 
  models shows that non-antibiotic co-existence is possible but rare for naturally 
  resistant strains while co-existence is almost the rule for strains that result from 
  the lack of compliance with antibiotic treatment by TB infected individuals.},
  Day                      = {01},
  Doi                      = {10.1007/s002850050069},
  ISSN                     = {1432-1416},
  Url                      = {https://doi.org/10.1007/s002850050069}
}

@article{GS83,
  title={Autocatalytic reactions in the isothermal, continuous stirred tank reactor: isolas and other forms of multistability},
  author={Gray, P. and Scott, S.K.},
  journal={Chemical Engineering Science},
  volume={38},
  number={1},
  pages={29--43},
  year={1983},
  publisher={Elsevier}
} 
@article{GS84,
  title={Autocatalytic reactions in the isothermal, continuous stirred tank reactor: Oscillations and instabilities in the system $A+2B \rightarrow 3B$; $B \rightarrow C$},
  author={Gray, P. and Scott, S.K.},
  journal={Chemical Engineering Science},
  volume={39},
  number={6},
  pages={1087--1097},
  year={1984},
  publisher={Elsevier}
}
@article{GS85,
  title={Sustained oscillations and other exotic patterns of behavior in isothermal reactions},
  author={Gray, P. and Scott, S.K.},
  journal={The Journal of Physical Chemistry},
  volume={89},
  number={1},
  pages={22--32},
  year={1985},
  publisher={ACS Publications}
}
@article{HPT2000,
  title={Exact Homoclinic and Heteroclinic Solutions of the Gray-Scott Model for Autocatalysis},
  author={Hale, J.K. and Peletier, L.A. and Troy, W.C.},
  journal={SIAM Journal on Applied Mathematics},
  volume={61},
  number={1},
  pages={102--130},
  year={2000},
  publisher={SIAM}
}
@article{HPT99,
  title={Stability and instability in the Gray-Scott model: the case of equal diffusivities},
  author={Hale, J.K. and Peletier, L.A. and Troy, W.C.},
  journal={Applied mathematics letters},
  volume={12},
  number={4},
  pages={59--65},
  year={1999},
  publisher={Elsevier}
}
@article{Peletier,
  title={Pulses, kinks and fronts in the Gray-Scott model (Nonlinear Diffusive Systems: Dynamics and Asymptotics)},
  author={Peletier, L.A.},
  volume={1178},
  pages={16--28},
  year={2000}
}
@article{Petrov94,
  title={Excitability, wave reflection, and wave splitting in a cubic autocatalysis reaction-diffusion system},
  author={Petrov, Valery and Scott, Stephen K. and Showalter, Kenneth},
  journal={Philosophical Transactions of the Royal Society of London. Series A: Physical and Engineering Sciences},
  volume={347},
  number={1685},
  pages={631--642},
  year={1994},
  publisher={The Royal Society}
}
@article{Sato2006,
  title={Some nonexistence results of stationary solutions for the Gray--Scott model},
  author={Sato, Norihiro},
  journal={Nonlinear Analysis: Theory, Methods \& Applications},
  volume={65},
  number={8},
  pages={1644--1653},
  year={2006},
  publisher={Elsevier}
}
@article{Chaidez,
  title={Tesis de Licenciatura: \textbf{Formaci{\'o}n de patrones mediante el mecanismo de Turing}},
  author={Chaidez F{\'e}lix, Jes{\'u}s Manuel and Olmos Liceaga, Daniel }
}
@article{Ledesma,
  title={Tesis de Maestr\'ia: \textbf{Patrones de Turing en Sistemas Biol\'ogicos}},
  author={Ledesma Dur{\'a}n, Aldo}
}
@article{Vanegas2009,
  title={An\'alisis de la inestabilidad de turing en modelos biol\'ogicos.},
  author={Vanegas, J. and Ladinez, N. and Garz\'on, D.},
  journal={Dyna},
  volume={76},
  number={158},
  pages={123--134},
  year={2009}
}
@book{KuzB,
  title={Elements of applied bifurcation theory},
  author={Kuznetzov, I.A.},
  volume={112},
  year={1998},
  publisher={Springer}
}
@book{GSBook90,
  title={Chemical oscillations and instabilities: non-linear chemical kinetics},
  author={Gray, Peter and Scott, Stephen K},
  year={1990},
  publisher={Clarendon Press. Oxford University Press}
}
@book{IntroB,
  title={A course in mathematical biology: Quantitative modeling with mathematical and computational methods},
  author={De Vries, Gerda and Hillen, Thomas and Lewis, Mark and M{\"u}ller, Johannes and Sch{\"o}nfisch, Birgitt},
  volume={12},
  year={2006},
  publisher={Siam}
}
@book{Strogatz,
  title={Nonlinear dynamics and chaos: with applications to physics, biology and chemistry},
  author={Strogatz, Steven H},
  year={2001},
  publisher={Perseus publishing}
}
@book{PhisiologyB,
  title={Mathematical physiology},
  author={Keener, James P and Sneyd, James},
  volume={8},
  year={1998},
  publisher={Springer}
}
@book{EpsteinB,
  title={An introduction to nonlinear chemical dynamics: oscillations, waves, patterns, and chaos},
  author={Epstein, Irving Robert and Pojman, John Anthony},
  year={1998},
  publisher={Oxford University Press New York}
}
@article{Doelman97,
  author={Arjen Doelman and Tasso J Kaper and Paul A Zegeling},
  title={Pattern formation in the one-dimensional Gray - Scott model},
  journal={Nonlinearity},
  volume={10},
  number={2},
  pages={523},
  year={1997},
}
@book{hirsch2012differential,
  title={Differential Equations, Dynamical Systems, and an Introduction to Chaos},
  author={Hirsch, M.W. and Smale, S. and Devaney, R.L.},
  isbn={9780123820112},
  url={https://books.google.com.mx/books?id=rly1AAmAXh8C},
  year={2012},
  publisher={Elsevier Science}
}
